@article{weng2018flow,
  title   = "Flow-based Deep Generative Models",
  author  = "Weng, Lilian",
  journal = "lilianweng.github.io/lil-log",
  year    = "2018",
  url     = "http://lilianweng.github.io/lil-log/2018/10/13/flow-based-deep-generative-models.html"
}
@misc{albergo2021introduction,
  title={Introduction to Normalizing Flows for Lattice Field Theory},
  author={Michael S. Albergo and Denis Boyda and Daniel C. Hackett and Gurtej Kanwar and Kyle Cranmer and Sébastien Racanière and Danilo Jimenez Rezende and Phiala E. Shanahan},
  year={2021},
  eprint={2101.08176},
  archivePrefix={arXiv},
  primaryClass={hep-lat}
}
@article{L_scher_2009,
   title={Trivializing Maps, the Wilson Flow and the HMC Algorithm},
   volume={293},
   ISSN={1432-0916},
   url={http://dx.doi.org/10.1007/s00220-009-0953-7},
   DOI={10.1007/s00220-009-0953-7},
   number={3},
   journal={Communications in Mathematical Physics},
   publisher={Springer Science and Business Media LLC},
   author={Lüscher, Martin},
   year={2009},
   month={Nov},
   pages={899–919}
}
@article{luscher2009,
   title={Trivializing Maps, the Wilson Flow and the HMC Algorithm},
   volume={293},
   ISSN={1432-0916},
   url={http://dx.doi.org/10.1007/s00220-009-0953-7},
   DOI={10.1007/s00220-009-0953-7},
   number={3},
   journal={Communications in Mathematical Physics},
   publisher={Springer Science and Business Media LLC},
   author={Lüscher, Martin},
   year={2009},
   month={Nov},
   pages={899–919}
}
@misc{deldebbio2021efficient,
      title={Efficient Modelling of Trivializing Maps for Lattice $\phi^4$ Theory Using Normalizing Flows: A First Look at Scalability}, 
      author={Luigi Del Debbio and Joe Marsh Rossney and Michael Wilson},
      year={2021},
      eprint={2105.12481},
      archivePrefix={arXiv},
      primaryClass={hep-lat}
}
